<?xml version="1.0" encoding="UTF-8"?><collection xmlns="http://www.loc.gov/MARC21/slim"><record><leader>00349nam--2200133-i-4500</leader><controlfield tag="001">000025035</controlfield><controlfield tag="002">20161230</controlfield><controlfield tag="005">20161230201035</controlfield><controlfield tag="008">060222s1000------------r-----000-0-eng-d</controlfield><datafield ind1=" " ind2=" " tag="100"><subfield code="a">Ch, Lai</subfield></datafield><datafield ind1=" " ind2=" " tag="260"><subfield code="a">Ideals And Realities. Selected Essay Of Abdus Salam</subfield></datafield><datafield ind1=" " ind2=" " tag="490"><subfield code="a">Singapore, World Scientific, 1984. Xiv+369p</subfield></datafield><datafield ind1=" " ind2=" " tag="700"><subfield code="a">Hassan, Z</subfield></datafield><datafield ind1=" " ind2=" " tag="852"><subfield code="a">081:5</subfield></datafield></record></collection>